@InProceedings{girard,
author="Girard, Jean-Yves",
title="On the Meaning of Logical Rules I: Syntax Versus Semantics",
booktitle="Computational Logic",
year="1999",
publisher="Springer Berlin Heidelberg",
pages="215--272",
isbn="978-3-642-58622-4"
}
@unpublished{laurent,
author = {Laurent, Olivier},
year = {2004},
month = {04},
title = {A proof of the focalization property of linear logic},
url = {https://web.archive.org/web/20210225023814/https://perso.ens-lyon.fr/olivier.laurent/llfoc.pdf}
}
